<record><leader>00000cas a2200000 i 4500</leader><controlfield tag="001">19809162</controlfield><controlfield tag="008">890603d19721972inuwr ne      0    0eng c</controlfield><datafield ind1=" " ind2=" " tag="010"><subfield code="a">sn 89099005 </subfield></datafield><datafield ind1=" " ind2=" " tag="040"><subfield code="a">NPI</subfield><subfield code="b">eng</subfield><subfield code="e">rda</subfield><subfield code="c">NPI</subfield><subfield code="d">OCLCQ</subfield><subfield code="d">IUL</subfield></datafield><datafield ind1=" " ind2=" " tag="042"><subfield code="a">pcc</subfield></datafield><datafield ind1=" " ind2=" " tag="043"><subfield code="a">n-us-in</subfield></datafield><datafield ind1="0" ind2="4" tag="245"><subfield code="a">The Windfall herald.</subfield></datafield><datafield ind1=" " ind2="1" tag="264"><subfield code="a">[Windfall, Ind.] :</subfield><subfield code="b">Midge Janner,</subfield><subfield code="c">1972.</subfield></datafield><datafield ind1=" " ind2=" " tag="300"><subfield code="a">1 volume :</subfield><subfield code="b">illustrations.</subfield></datafield><datafield ind1=" " ind2=" " tag="310"><subfield code="a">Weekly</subfield></datafield><datafield ind1=" " ind2=" " tag="336"><subfield code="a">text</subfield><subfield code="b">txt</subfield><subfield code="2">rdacontent</subfield></datafield><datafield ind1=" " ind2=" " tag="337"><subfield code="a">unmediated</subfield><subfield code="b">n</subfield><subfield code="2">rdamedia</subfield></datafield><datafield ind1=" " ind2=" " tag="338"><subfield code="a">volume</subfield><subfield code="b">nc</subfield><subfield code="2">rdacarrier</subfield></datafield><datafield ind1="0" ind2=" " tag="362"><subfield code="a">Vol. 1, no. 1 (June 15, 1972)-v. 1, no. X (August 17, 1972).</subfield></datafield><datafield ind1=" " ind2=" " tag="500"><subfield code="a">"Reaching 5,000 readers in Windfall, Center, Sharpsville, Hemlock, Tipton, Elwood, &amp; Greentown."</subfield></datafield><datafield ind1=" " ind2="0" tag="651"><subfield code="a">Windfall (Ind.)</subfield><subfield code="v">Newspapers.</subfield></datafield><datafield ind1=" " ind2="0" tag="651"><subfield code="a">Tipton County (Ind.)</subfield><subfield code="v">Newspapers.</subfield></datafield><datafield ind1=" " ind2=" " tag="752"><subfield code="a">United States</subfield><subfield code="b">Indiana</subfield><subfield code="c">Tipton</subfield><subfield code="d">Windfall.</subfield></datafield><datafield ind1="4" ind2="1" tag="856"><subfield code="u">https://access.newspaperarchive.com/us/indiana/tipton/windfall-herald/</subfield></datafield></record>